<record xmlns="http://www.openarchives.org/OAI/2.0/" xmlns:xsi="http://www.w3.org/2001/XMLSchema-instance"><header><identifier>oai:alma.34CSIC_INST:990012231410204201</identifier><datestamp>2020-02-06T08:41:03Z</datestamp><setSpec>manuscripta</setSpec></header><metadata><record xmlns="http://www.loc.gov/MARC21/slim" xmlns:xsi="http://www.w3.org/2001/XMLSchema-instance" xsi:schemaLocation="http://www.loc.gov/MARC21/slim http://www.loc.gov/standards/marcxml/schema/MARC21slim.xsd"><leader>03344ntm a2200493 i 4500</leader><controlfield tag="005">20181031100338.0</controlfield><controlfield tag="008">100223m17001800xx            000 0 heb d</controlfield><controlfield tag="001">990012231410204201</controlfield><datafield tag="035" ind1=" " ind2=" "><subfield code="a">CSIC001223141</subfield></datafield><datafield tag="035" ind1=" " ind2=" "><subfield code="a">(ES-MaCSI)001223141MAD01-Aleph</subfield></datafield><datafield tag="035" ind1=" " ind2=" "><subfield code="a">(OCoLC)1123844791
</subfield></datafield><datafield tag="040" ind1=" " ind2=" "><subfield code="a">ES-MaCSI</subfield><subfield code="b">spa</subfield></datafield><datafield tag="080" ind1=" " ind2=" "><subfield code="a">091(=411.16)</subfield></datafield><datafield tag="080" ind1=" " ind2=" "><subfield code="a">26-587</subfield></datafield><datafield tag="245" ind1="1" ind2="0"><subfield code="a">[Obra cabalística y otros escritos]</subfield><subfield code="h">[Manuscrito]</subfield></datafield><datafield tag="260" ind1=" " ind2=" "><subfield code="a">[S.l.],</subfield><subfield code="c">[1700-1800].</subfield></datafield><datafield tag="300" ind1=" " ind2=" "><subfield code="a">288 f. (28-32 lín.) ;</subfield><subfield code="c">21 x 16 cm.</subfield></datafield><datafield tag="490" ind1="0" ind2=" "><subfield code="a">Manuscripta</subfield></datafield><datafield tag="500" ind1=" " ind2=" "><subfield code="a">Papel</subfield></datafield><datafield tag="500" ind1=" " ind2=" "><subfield code="a">Incipit: פרק ראשון מחלק ראשון ידוע הוא ומפורסם היות האדם</subfield></datafield><datafield tag="500" ind1=" " ind2=" "><subfield code="a">Distribución: línea tirada, 28-32 lín.</subfield></datafield><datafield tag="500" ind1=" " ind2=" "><subfield code="a">Lugar de escritura: Desconocido</subfield></datafield><datafield tag="500" ind1=" " ind2=" "><subfield code="a">Copista: Desconocido</subfield></datafield><datafield tag="500" ind1=" " ind2=" "><subfield code="a">Autor: Desconocido</subfield></datafield><datafield tag="500" ind1=" " ind2=" "><subfield code="a">Características especiales: texto dispuesto en triángulos invertidos en los f. 69v, 163r y 288v. La obra principal se divide en partes (חלקים), libros (ספרים) y capítulos (פרקים), introducidos por títulos.</subfield></datafield><datafield tag="500" ind1=" " ind2=" "><subfield code="a">Tipo de cuaderno: 24 cuad. De 10 f., 3 cuad. De 8 f., 1 cuad. de 3 f., primer cuad. De 10 f., último cuad. De 12 f..</subfield></datafield><datafield tag="500" ind1=" " ind2=" "><subfield code="a">Buen estado de conservación</subfield></datafield><datafield tag="500" ind1=" " ind2=" "><subfield code="a">H en blanco: [2] f. iniciales, de guarda, 73-79, 163v, 164r, [2] f. finales, de guarda.</subfield></datafield><datafield tag="500" ind1=" " ind2=" "><subfield code="a">H dañadas, mutiladas, sueltas: suelto f. 163.</subfield></datafield><datafield tag="500" ind1=" " ind2=" "><subfield code="a">Reclamos en cada pág.</subfield></datafield><datafield tag="500" ind1=" " ind2=" "><subfield code="a">Filigrana</subfield></datafield><datafield tag="500" ind1=" " ind2=" "><subfield code="a">Signatura antigua: CVI-M/110</subfield></datafield><datafield tag="500" ind1=" " ind2=" "><subfield code="a">Anotación: נפטר ח''ר משה ב''ר יהושע צ[...]ן נ''ע ביום שלישי בשבת ב' לחודש מנחם מהתק''ן</subfield></datafield><datafield tag="505" ind1="0" ind2="0"><subfield code="a">Obra cabalística principal: parte primera 1r-69v, parte segunda 80r-163r, parte tercera 165r-288v, Otros escritos: Kavanat ha-shema 70r-71r, Sod hamisha partzufim 71v-72r, Meshihe ha-guf umeshihe ha-neshama 72v, Seder ha-nimtzaim 164v.</subfield></datafield><datafield tag="515" ind1=" " ind2=" "><subfield code="a">Foliación moderna a lápiz en números arábigos, cada 5 f.</subfield></datafield><datafield tag="541" ind1=" " ind2=" "><subfield code="a">Procedencia: Desconocida</subfield></datafield><datafield tag="546" ind1=" " ind2=" "><subfield code="a">Hebreo</subfield><subfield code="b">Escritura hebrea sefardí semi-cursiva</subfield></datafield><datafield tag="563" ind1=" " ind2=" "><subfield code="a">Enc. en piel marrón sobre pasta, grabados geométricos, lomo de 5 nervios; s. XIX.</subfield></datafield><datafield tag="650" ind1=" " ind2="7"><subfield code="a">Cábala.</subfield><subfield code="2">CSICAU</subfield></datafield><datafield tag="650" ind1=" " ind2="7"><subfield code="a">Misticismo</subfield><subfield code="x">Judaísmo.</subfield><subfield code="2">CSICAU</subfield></datafield><datafield tag="650" ind1=" " ind2="7"><subfield code="a">Manuscritos hebreos.</subfield><subfield code="2">CSICAU</subfield></datafield><datafield tag="830" ind1=" " ind2="0"><subfield code="a">Manuscripta</subfield></datafield><datafield tag="856" ind1="4" ind2="1"><subfield code="u">http://aleph.csic.es/imagenes/mad01/0006_PMSC/P_001223141_642857_V00.pdf</subfield><subfield code="z">Descargar Pdf completo (33M)</subfield><subfield code="m">CSIC</subfield></datafield><datafield tag="856" ind1="4" ind2="1"><subfield code="u">http://simurg.bibliotecas.csic.es/viewer/image/CSIC001223141/1/</subfield><subfield code="z">Ver texto completo en SIMURG, el portal de fondos digitalizados del CSIC</subfield><subfield code="m">CSIC</subfield></datafield><datafield tag="856" ind1="4" ind2="1"><subfield code="u">http://aleph.csic.es/imagenes/mad01/0006_PMSC/html/001223141.html</subfield><subfield code="z">Ver texto completo en Bookreader</subfield></datafield></record></metadata></record>